@book{introduction,
  title={Elementary analysis},
  author={Kenneth A. Ross},
  publisher={Springer},
  year = {2013}
}
@book{abb01understanding,
	title={Understanding analysis},
	author={Abbott, Stephen},
	volume={2},
	year={2001},
	publisher={Springer}
}
@misc{ wiki,
  author = {Wikipedia},
  title = " {W}ikipedia: The Free Encyclopedia",
  url = "http://en.wikipedia.org/",
}
@misc{ wikib,
    author = "{Wikipedia contributors}",
    title = "Bolzanoâ€“Weierstrass theorem --- {Wikipedia}{,} The Free Encyclopedia",
    year = "2020",
    url = "https://en.wikipedia.org/w/index.php?title=Bolzano%E2%80%93Weierstrass_theorem&oldid=947971057",
    note = "[Online; accessed 7-May-2020]"
  }
 @misc{ wikiroot,
    author = "{Wikipedia contributors}",
    title = "Root test --- {Wikipedia}{,} The Free Encyclopedia",
    year = "2020",
    url = "{https://en.wikipedia.org/w/index.php?title=Root_test&oldid=948125284}",
    note = "[Online; accessed 7-May-2020]"
  }
  @misc{ wikiratio,
    author = "{Wikipedia contributors}",
    title = "Ratio test --- {Wikipedia}{,} The Free Encyclopedia",
    year = "2020",
    url = "{https://en.wikipedia.org/w/index.php?title=Ratio_test&oldid=952648008}",
    note = "[Online; accessed 7-May-2020]"
  }
 @misc{ wikicauchy,
    author = "{Wikipedia contributors}",
    title = "Cauchy sequence --- {Wikipedia}{,} The Free Encyclopedia",
    year = "2019",
    url = "https://en.wikipedia.org/w/index.php?title=Cauchy_sequence&oldid=928609654",
    note = "[Online; accessed 7-May-2020]"
  }
 @misc{ wikiuniform,
    author = "{Wikipedia contributors}",
    title = "Uniform continuity --- {Wikipedia}{,} The Free Encyclopedia",
    year = "2020",
    url = "https://en.wikipedia.org/w/index.php?title=Uniform_continuity&oldid=954710721",
    note = "[Online; accessed 7-May-2020]"
  }
@misc{ wiki:integral,
	author = "{Wikipedia contributors}",
	title = "Riemann sum --- {Wikipedia}{,} The Free Encyclopedia",
	year = "2020",
	url = "https://en.wikipedia.org/w/index.php?title=Riemann_sum&oldid=951325810",
	note = "[Online; accessed 8-May-2020]"
}
@misc{ wiki:appendix,
	author = "{Wikipedia contributors}",
	title = "Taylor series --- {Wikipedia}{,} The Free Encyclopedia",
	year = "2020",
	url = "https://en.wikipedia.org/w/index.php?title=Taylor_series&oldid=956280889",
	note = "[Online; accessed 19-May-2020]"
}